@Article{goyal14,
author = {Sanjeev Goyal, Adrien Vigier},
title = {Attack, Defense and Contagion in Networks},
journal = {Review of Economic Studies},
year = {2014},
OPTkey = {•},
OPTvolume = {•},
OPTnumber = {•},
OPTpages = {•},
OPTmonth = {•},
OPTnote = {•},
OPTannote = {•}
}
